<record><leader>00000cas a22000007a 4500</leader><controlfield tag="001">36821284</controlfield><controlfield tag="008">970429d19151919okudn n       0    0eng d</controlfield><datafield ind1=" " ind2=" " tag="010"><subfield code="a">sn 97064845 </subfield></datafield><datafield ind1=" " ind2=" " tag="040"><subfield code="a">OBN</subfield><subfield code="b">eng</subfield><subfield code="c">OBN</subfield><subfield code="d">OCLCQ</subfield><subfield code="d">OCLCF</subfield><subfield code="d">OCLCO</subfield></datafield><datafield ind1="1" ind2=" " tag="029"><subfield code="a">AU@</subfield><subfield code="b">000013251016</subfield></datafield><datafield ind1=" " ind2=" " tag="042"><subfield code="a">msc</subfield></datafield><datafield ind1=" " ind2=" " tag="043"><subfield code="a">n-us-ok</subfield></datafield><datafield ind1="0" ind2="0" tag="245"><subfield code="a">Blackwell daily world.</subfield></datafield><datafield ind1=" " ind2=" " tag="260"><subfield code="a">Blackwell, Okla. :</subfield><subfield code="b">Abe Steinberger</subfield></datafield><datafield ind1=" " ind2=" " tag="300"><subfield code="a">v.</subfield></datafield><datafield ind1=" " ind2=" " tag="310"><subfield code="a">Daily (except Sun.),</subfield><subfield code="b">May 13, 1918-Jan. 11, 1919</subfield></datafield><datafield ind1=" " ind2=" " tag="321"><subfield code="a">Daily (except Mon.),</subfield><subfield code="b">&lt;Nov. 25, 1916&gt;-May 11, 1918</subfield></datafield><datafield ind1="0" ind2=" " tag="362"><subfield code="a">-v. 4, no. 296 (Jan. 11, 1919).</subfield></datafield><datafield ind1="1" ind2=" " tag="362"><subfield code="a">Began in 1915.</subfield></datafield><datafield ind1=" " ind2=" " tag="588"><subfield code="a">Description based on: Vol. 2, no. 221 (Nov. 25, 1916).</subfield></datafield><datafield ind1=" " ind2="0" tag="651"><subfield code="a">Blackwell (Okla.)</subfield><subfield code="v">Newspapers.</subfield></datafield><datafield ind1=" " ind2="0" tag="651"><subfield code="a">Kay County (Okla.)</subfield><subfield code="v">Newspapers.</subfield></datafield><datafield ind1=" " ind2="7" tag="655"><subfield code="a">Newspapers.</subfield><subfield code="2">fast</subfield><subfield code="0">(OCoLC)fst01423814</subfield></datafield><datafield ind1=" " ind2="7" tag="651"><subfield code="a">Oklahoma</subfield><subfield code="z">Blackwell.</subfield><subfield code="2">fast</subfield><subfield code="0">(OCoLC)fst01220563</subfield></datafield><datafield ind1=" " ind2="7" tag="651"><subfield code="a">Oklahoma</subfield><subfield code="z">Kay County.</subfield><subfield code="2">fast</subfield><subfield code="0">(OCoLC)fst01206445</subfield></datafield><datafield ind1=" " ind2=" " tag="752"><subfield code="a">United States</subfield><subfield code="b">Oklahoma</subfield><subfield code="c">Kay</subfield><subfield code="d">Blackwell.</subfield></datafield><datafield ind1="0" ind2="0" tag="785"><subfield code="t">Blackwell daily tribune</subfield><subfield code="w">(DLC)sn 97064846</subfield><subfield code="w">(OCoLC)36821397</subfield></datafield></record>